
@Article{ref,
author={Naotoshi Seo},
title={EIGENFACES AND FISHERFACES},
school={University of Maryland},
}

@book {ref2,
author={Houda Ma\^amatou},
title={MEMOIRE DE MASTER de recherche, Reconnaissance et mappage des expressions faciales vers un mod\`ele virtuel},
publisher ={Universit\'e de Sousse, Ecole Nationale d’Ing\'enieurs de Sousse},
year={2012},
}
@book {ref3,
author={BETTAHAR Abdessettar and SABER  Fathi},
title={MEMOIRE MASTER ACADEMIQUE, Extraction des caract\'eristiques pour l analyse biom\'etrique d’un visage},
publisher={UNIVERSITE KASDI MERBAH OUARGLA Facult\'e des Nouvelles technologies de l information et de la communication},
year={15 Juin 2014},
}

@manual {ref4,
author={Harry Chao},
title={Eigenfaces and Fisherfaces},
year={2010},
month={Mai},

}

@manual {ref5,
author ={Dewi Agushinta R. and Indri Septadepi },
title ={Face Recognition System Using Eigenface Method based on Facial Component Region},
publisher ={Department of Informatics, Gunadarma University},
year={2010},
month={Mai},
}


@article {ref10,
author={Tal Hassner and Lihi Zelnik-Manor},
title={Principal Component Analysis, Eigenfaces and Fisher discriminant},
publisher ={Advanced Topics in Computer Vision, Wezmann Institute of Science},
}

@article {ref11,
author={Peter N. Belhumeur and Joao P. Hespanha and David J. Kriegman },
title={Eigenfaces vs. Fisherfaces: Recognition Using Class Specific Linear Projection, IEEE TRANSACTIONS ON PATTERN ANALYSIS AND MACHINE INTELLIGENCE, VOL. 19, NO. 7, },
year={1997},
month={JULY },
}

@article {ref12,
author={W Zhao. Belhumeur and JR Chellappa and PJ Philips. Kriegman },
title={Face Recognition: A Literature Suvey},
year={ 2003},
month={December},
}

@article {ref13,
author={CHELALI FZ and Mr DJERADI et Mme DJERADI},
title={Mise en place d'un syst\`eme de reconnaissance facial bas\'e sur l'approche statistique Analyse en
composantes principales d\'evelopp\'ee sous l'environnement MATLAB},
publisher={Universit\'e des sciences et de Technologie Houari Boumediene (USTHB), Facult\'e d’Electronique et d’informatique},
year={2005},
}

@url {ref6,
author={safaribooksonline},
title={Face Recognition using Eigenfaces or Fisherfaces},
year={2015},
month={Mai},
note={https://www.safaribooksonline.com/library/view/mastering-opencv-with/9781849517829/ch08.html},
}

@url {ref7,
author={Math Programming},
title={Eigenfaces, for Facial Recognition},
year={2015},
month={Mai},
note={http://jeremykun.com/2011/07/27/eigenfaces/},
}

@url {ref8,
author={ Python Software Foundation},
title={Python 2.7.10 documentation},
year={2015},
month={Mai},
note={https://docs.python.org/2/},
}

@url {ref9,
author={SciPy developers},
title={Numpy and Scipy Documentation},
year={2015},
month={Mai},
note={http://docs.scipy.org/doc/},
}


